<?xml version="1.0" encoding="UTF-8"?><record xmlns="http://www.loc.gov/MARC21/slim" xmlns:cinclude="http://apache.org/cocoon/include/1.0" xmlns:zs="http://www.loc.gov/zing/srw/">
  <leader>00494cz  a2200157n  4500</leader>
  <controlfield tag="001">n 2012032763</controlfield>
  <controlfield tag="003">DLC</controlfield>
  <controlfield tag="005">20120516074917.0</controlfield>
  <controlfield tag="008">120515n| acannaabn          |b ana      </controlfield>
  <datafield tag="010" ind1=" " ind2=" ">
    <subfield code="a">n 2012032763</subfield>
  </datafield>
  <datafield tag="040" ind1=" " ind2=" ">
    <subfield code="a">DLC</subfield>
    <subfield code="b">eng</subfield>
    <subfield code="c">DLC</subfield>
  </datafield>
  <datafield tag="151" ind1=" " ind2=" ">
    <subfield code="a">Heyang Cun (China)</subfield>
  </datafield>
  <datafield tag="451" ind1=" " ind2=" ">
    <subfield code="a">河阳村 (China)</subfield>
  </datafield>
  <datafield tag="451" ind1=" " ind2=" ">
    <subfield code="a">Heyang (China)</subfield>
  </datafield>
  <datafield tag="667" ind1=" " ind2=" ">
    <subfield code="a">Non-Latin script reference not evaluated</subfield>
  </datafield>
  <datafield tag="670" ind1=" " ind2=" ">
    <subfield code="a">Jinyun Heyang gu cun luo yan jiu, 2011:</subfield>
    <subfield code="b">t.p. (河阳 = Heyang) p. 20 (河阳村, in Zhejiang Sheng Jinyun Xian)</subfield>
  </datafield>
</record>